<?xml version="1.0" encoding="UTF-8"?>
<marc:collection xmlns:marc="http://www.loc.gov/MARC21/slim" xmlns:xsi="http://www.w3.org/2001/XMLSchema-instance" xsi:schemaLocation="http://www.loc.gov/MARC21/slim http://www.loc.gov/standards/marcxml/schema/MARC21slim.xsd">
   <marc:record type="Bibliographic">
      <marc:leader>05658cam a2200433 a 4500</marc:leader>
      <marc:controlfield tag="001">198030</marc:controlfield>
      <marc:controlfield tag="003">NjP</marc:controlfield>
      <marc:controlfield tag="005">20170605125908.0</marc:controlfield>
      <marc:controlfield tag="008">831220m19709999ir            000 0 ara d</marc:controlfield>
      <marc:datafield tag="024" ind1="7" ind2=" ">
         <marc:subfield code="a">princeton_aco001407</marc:subfield>
         <marc:subfield code="2">local</marc:subfield>
      </marc:datafield>
      <marc:datafield tag="035" ind1=" " ind2=" ">
         <marc:subfield code="a">(OCoLC)ocn175448640</marc:subfield>
      </marc:datafield>
      <marc:datafield tag="035" ind1=" " ind2=" ">
         <marc:subfield code="a">(OCoLC)22320352</marc:subfield>
      </marc:datafield>
      <marc:datafield tag="040" ind1=" " ind2=" ">
         <marc:subfield code="a">NjP</marc:subfield>
         <marc:subfield code="c">PUL</marc:subfield>
         <marc:subfield code="d">PUL</marc:subfield>
      </marc:datafield>
      <marc:datafield tag="066" ind1=" " ind2=" ">
         <marc:subfield code="c">(3</marc:subfield>
      </marc:datafield>
      <marc:datafield tag="035" ind1=" " ind2=" ">
         <marc:subfield code="a">(OCoLC)175448640</marc:subfield>
      </marc:datafield>
      <marc:datafield tag="035" ind1=" " ind2=" ">
         <marc:subfield code="a">(CStRLIN)NJPG83-B84666</marc:subfield>
      </marc:datafield>
      <marc:datafield tag="035" ind1=" " ind2=" ">
         <marc:subfield code="9">ABB2966TS</marc:subfield>
      </marc:datafield>
      <marc:datafield tag="035" ind1=" " ind2=" ">
         <marc:subfield code="a">(NjP)198030</marc:subfield>
      </marc:datafield>
      <marc:datafield tag="079" ind1=" " ind2=" ">
         <marc:subfield code="a">ocm22320352</marc:subfield>
         <marc:subfield code="z">ocm27947214</marc:subfield>
      </marc:datafield>
      <marc:datafield tag="049" ind1=" " ind2=" ">
         <marc:subfield code="a">PULL</marc:subfield>
      </marc:datafield>
      <marc:datafield tag="100" ind1="1" ind2=" ">
         <marc:subfield code="6">880-01</marc:subfield>
         <marc:subfield code="a">Shīrāzī, Muḥammad al-Mahdī al-Ḥusaynī.</marc:subfield>
      </marc:datafield>
      <marc:datafield tag="245" ind1="1" ind2="3">
         <marc:subfield code="6">880-02</marc:subfield>
         <marc:subfield code="a">al-Fiqh :</marc:subfield>
         <marc:subfield code="b">wa-huwa sharḥ istidlālī ʻalá kitāb al-ʻUrwah al-wuthqá li-āyat Allāh al-marḥūm al-sayyid Muḥammad Kāẓim al-Ṭabāṭabāʼī al-Yazdī ... /</marc:subfield>
         <marc:subfield code="c">Muḥammad al-Mahdī al-Ḥusaynī al-Shīrāzī.</marc:subfield>
      </marc:datafield>
      <marc:datafield tag="260" ind1=" " ind2=" ">
         <marc:subfield code="6">880-03</marc:subfield>
         <marc:subfield code="a">Qum :</marc:subfield>
         <marc:subfield code="b">Dār al-Qurʼān al-Karīm,</marc:subfield>
         <marc:subfield code="c">[197-?]-</marc:subfield>
      </marc:datafield>
      <marc:datafield tag="300" ind1=" " ind2=" ">
         <marc:subfield code="a">v. ;</marc:subfield>
         <marc:subfield code="c">25 cm.</marc:subfield>
      </marc:datafield>
      <marc:datafield tag="500" ind1=" " ind2=" ">
         <marc:subfield code="a">Imprint varies.</marc:subfield>
      </marc:datafield>
      <marc:datafield tag="500" ind1=" " ind2=" ">
         <marc:subfield code="a">In part a reprint of the al-Najaf edition, 196-?</marc:subfield>
      </marc:datafield>
      <marc:datafield tag="505" ind1="1" ind2=" ">
         <marc:subfield code="6">880-04</marc:subfield>
         <marc:subfield code="a">v. 1. al-Ijtihād wa-al-taqlīd -- v. 2-10. Kitāb al-ṭahārah, al-juzʼ 1 -- v. 11-18. Kitāb al-ṣalāh -- v. 19-20.Kitāb al-ṣawm -- v. 21-27. Kitāb al-ḥajj -- v. 28. Kitāb al-khums -- v. 29-31. Kitāb al-zakāh -- v. 32. Kitāb al-aṭʻimah wa-al-ashribah -- v. 33. Kitāb al-wuqūf wa-al-ṣadāqāt, al-hibah -- v. 34. Kitāb al-ḥudūd wa-al-taʻzīrāt -- v. 35. Kitāb al-qaṣāṣ -- v. 36. Kitāb al-ijārah -- v. 37-38. Kitāb al-jihād, al-amr bi-al- maʻrūf wa-al-nahy al-munkar -- v. 39. al-Ḥukm fī al-Islām -- v. 40. Ḥawla al-Qurʼān al-ḥakīm -- v. 41. al-Iqtiṣād -- v. 42-43. Kitāb al-qaḍāʼ -- v. 44. Kitāb al-dayāt -- v. 45. Kitāb al-siyāsah -- v. 46. Kitāb al-shahādāt -- v. 47. Kitāb al-muḍārabah -- v. 48-52. Kitāb al-nikāḥ -- v. 53. Kitāb al-shirkah, al-muzārʻah, al-masāqāt -- v. 54. Kitāb al-ḍamān al-ḥawālah -- v. 55. Kitāb al-waṣīyah -- v. 56. Kitāb iḥyāʼ al-mawāt -- v. 57. al-Ijtimāʻ -- v. 58. Kitāb al-ṣayd wa-al-dhabāḥah -- v. 59. Kitāb al-iqrār -- v. 60. Kitāb al-iʻtikāf -- v. 61. Kitāb al-ḥijr wa-al-mufallis -- v. 62-63. Kitāb al-irth. -- v. 64. Kitāb al-ghaṣb -- v. 65. Kitāb al-qarḍ, al-rahn -- v. 66. Kitāb shufʻah -- 67. Kitāb al-ṣulḥ, al-sabq wa-al-rimāyah, al-kafālah -- v. 68. Kitāb al-wakālah, al-ʻāriyah -- v. 69. Kitāb al-jiʻālah, al-īmān, al-nadhr.</marc:subfield>
      </marc:datafield>
      <marc:datafield tag="505" ind1="1" ind2=" ">
         <marc:subfield code="6">880-05</marc:subfield>
         <marc:subfield code="a">v. 70. Kitāb al-kaffārāt, al-laqṭah -- v. 71. Kitāb al-ṭalāq -- v. 72. Kitāb al-khulʻ, al-mubārāh, al-ẓihār, al-īlāʼ, al-liʻān -- v. 73. Kitāb al-ʻitq, al-tadbīr, al-makātibah, al-istīlād -- v. 74. Kitāb al-wadīʻah -- v. 75. Kitāb al-wājibāt wa-al-muḥarramāt.</marc:subfield>
      </marc:datafield>
      <marc:datafield tag="650" ind1=" " ind2="0">
         <marc:subfield code="a">Shīʻah</marc:subfield>
         <marc:subfield code="x">Customs and practices.</marc:subfield>
         <marc:subfield code="0">http://id.loc.gov/authorities/subjects/sh85121428</marc:subfield>
      </marc:datafield>
      <marc:datafield tag="600" ind1="1" ind2="0">
         <marc:subfield code="6">880-06</marc:subfield>
         <marc:subfield code="a">Ṭabāṭabāʼī al-Yazdī, Muḥammad Kāẓim,</marc:subfield>
         <marc:subfield code="d">-1919.</marc:subfield>
         <marc:subfield code="t">ʻUrwah al-wuthqá.</marc:subfield>
      </marc:datafield>
      <marc:datafield tag="880" ind1="1" ind2=" ">
         <marc:subfield code="6">100-01/(3/r</marc:subfield>
         <marc:subfield code="a">شيرازي، محمد المهدي الحسيني.</marc:subfield>
      </marc:datafield>
      <marc:datafield tag="880" ind1="1" ind2="2">
         <marc:subfield code="6">245-02/(3/r</marc:subfield>
         <marc:subfield code="a">الفقه :</marc:subfield>
         <marc:subfield code="b">وهو شرح استدلالي على كتاب العروة الوثقى لاية الله المرحوم السيد محمد كاظم الطباطبائي اليزدي ... /</marc:subfield>
         <marc:subfield code="c">محمد المهدي الحسيني الشيرازي.</marc:subfield>
      </marc:datafield>
      <marc:datafield tag="880" ind1=" " ind2=" ">
         <marc:subfield code="6">260-03/(3/r</marc:subfield>
         <marc:subfield code="a">قم :</marc:subfield>
         <marc:subfield code="b">دار القرآن الكريم،</marc:subfield>
         <marc:subfield code="c">[197-؟]</marc:subfield>
      </marc:datafield>
      <marc:datafield tag="880" ind1="1" ind2=" ">
         <marc:subfield code="6">505-04/(3/r</marc:subfield>
         <marc:subfield code="a">v. 1. الاجتهاد والتقليد v. 2-10. كتاب الطهارة، الجزء 1 v. 11-18. كتاب الصلاة v. 19-20.كتاب الصوم v. 21-27. كتاب الحج v. 28. كتاب الخمس v. 29-31. كتاب الزكاه v. 32. كتاب الاطعمة والاشربة v. 33. كتاب الوقوف والصداقات، الهبة v. 34. كتاب الحدود والتعزيرات v. 35. كتاب القصاص v. 36. كتاب الاجارة v. 37-38. كتاب الجهاد، الامر بال معروف والنهي المنكر v. 39. الحكم في الاسلام v. 40. حول القرآن الحكيم v. 41. الاقتصاد v. 42-43. كتاب القضاء v. 44. كتاب الديات v. 45. كتاب السياسة v. 46. كتاب الشهادات v. 47. كتاب المضاربة v. 48-52. كتاب النكاح v. 53. كتاب الشركة، المزارعة، المساقات v. 54. كتاب الضمان الحوالة v. 55. كتاب الوصية v. 56. كتاب احياء الموات v. 57. الاجتماع v. 58. كتاب الصيد والذباحة v. 59. كتاب الاقرار v. 60. كتاب الاعتكاف v. 61. كتاب الحجر والمفلس v. 62-63. كتاب الارث. v. 64. كتاب الغصب v. 65. كتاب القرض، الرهن v. 66. كتاب شفعة 67. كتاب الصلح، السبق والرماية، الكفالة v. 68. كتاب الوكالة، العارية v. 69. كتاب الجعالة، الامان، النذر.</marc:subfield>
      </marc:datafield>
      <marc:datafield tag="880" ind1="1" ind2=" ">
         <marc:subfield code="6">505-05/(3/r</marc:subfield>
         <marc:subfield code="a">v . 70. كتاب الكفارات، اللقطة v. 71. كتاب الطلاق v. 72. كتاب الخلع، المباراه، الظهار، الالاء، اللعان v. 73. كتاب العتق، التدبير، المكاتبة، الاستيلاد v. 74. كتاب الوديعة v. 75. كتاب الواجبات والمحرمات</marc:subfield>
      </marc:datafield>
      <marc:datafield tag="999" ind1=" " ind2=" ">
         <marc:subfield code="a">198030</marc:subfield>
      </marc:datafield>
      <marc:datafield tag="880" ind1="1" ind2="0">
         <marc:subfield code="6">600-06/(3/r</marc:subfield>
         <marc:subfield code="a">طباطبائي اليزدي، محمد كاظم،</marc:subfield>
         <marc:subfield code="d">-1919.</marc:subfield>
         <marc:subfield code="t">عروة الوثقى.</marc:subfield>
      </marc:datafield>
      <marc:datafield tag="998" ind1=" " ind2=" ">
         <marc:subfield code="a">04/26/93</marc:subfield>
         <marc:subfield code="s">9114</marc:subfield>
         <marc:subfield code="n">NjP</marc:subfield>
         <marc:subfield code="w">NJPG83B84666</marc:subfield>
         <marc:subfield code="d">12/20/83</marc:subfield>
         <marc:subfield code="c">SSH</marc:subfield>
         <marc:subfield code="b">MYP</marc:subfield>
         <marc:subfield code="i">930426</marc:subfield>
         <marc:subfield code="l">NJPG</marc:subfield>
      </marc:datafield>
      <marc:datafield tag="911" ind1=" " ind2=" ">
         <marc:subfield code="a">19930506</marc:subfield>
      </marc:datafield>
      <marc:datafield tag="912" ind1=" " ind2=" ">
         <marc:subfield code="a">19980515040634.0</marc:subfield>
      </marc:datafield>
      <marc:datafield tag="994" ind1=" " ind2=" ">
         <marc:subfield code="a">C0</marc:subfield>
         <marc:subfield code="b">PUL</marc:subfield>
      </marc:datafield>
   </marc:record>
</marc:collection>
